% Encoding: UTF-8
@book{kopka,
  author       = "Helmut Kopka and Patrick W.~Daly",
  title        = "A Guide to \LaTeXe: Document Preparation for Beginners and Advanced Users",
  publisher    = "Addison-Wesley Publishing Company",
  year         = "1995",
  edition      = "Second",
  address      = "Wokingham, England"
}

@online{A380Tech,
	author = {Deutsche Lufthansa AG},
	title = {AIRBUS A380-800},
	year = {2021},
	url = {https://www.lufthansagroup.com/de/unternehmen/flotte/lufthansa-und-regionalpartner/airbus-a380-800.html},
	pubstate = {[letzter Zugriff am: 17.08.2021]},
}
@book{Brokate2016,
  author = {Brokate, Martin and Henze, Norbert and Hettlich, Frank and Meister, Andreas and Schranz-Kirlinger, Gabriela and Sonar, Thomas},
  year = {2016},
  month = {01},
  pages = {},
  title = {Grundwissen Mathematikstudium - HÃ¶here Analysis, Numerik und Stochastik},
  isbn = {978-3-642-45077-8},
  doi = {10.1007/978-3-642-45078-5}
}

@Comment{jabref-meta: databaseType:bibtex;}
